<record><leader>00000cas a2200000 a 4500</leader><controlfield tag="001">2259736</controlfield><controlfield tag="008">760620d18091832ctuwr ne      0    0eng c</controlfield><datafield ind1=" " ind2=" " tag="010"><subfield code="a">sn 82014094 </subfield></datafield><datafield ind1=" " ind2=" " tag="040"><subfield code="a">PIT</subfield><subfield code="b">eng</subfield><subfield code="c">PIT</subfield><subfield code="d">MUL</subfield><subfield code="d">DLC</subfield><subfield code="d">NPV</subfield><subfield code="d">NPX</subfield><subfield code="d">NPA</subfield><subfield code="d">NPY</subfield><subfield code="d">NPU</subfield><subfield code="d">KNP</subfield><subfield code="d">DLC</subfield><subfield code="d">NPH</subfield><subfield code="d">YOX</subfield><subfield code="d">DLC</subfield><subfield code="d">KNP</subfield><subfield code="d">CNW</subfield><subfield code="d">CNK</subfield><subfield code="d">MGN</subfield><subfield code="d">NVF</subfield><subfield code="d">FUG</subfield><subfield code="d">OBN</subfield><subfield code="d">NVF</subfield><subfield code="d">OCL</subfield><subfield code="d">NYS</subfield><subfield code="d">DLC</subfield><subfield code="d">NYS</subfield><subfield code="d">KRTAS</subfield><subfield code="d">DLC</subfield><subfield code="d">UKMGB</subfield><subfield code="d">OCLCQ</subfield><subfield code="d">OCLCF</subfield></datafield><datafield ind1="7" ind2=" " tag="016"><subfield code="a">013916708</subfield><subfield code="2">Uk</subfield></datafield><datafield ind1="1" ind2=" " tag="029"><subfield code="a">AU@</subfield><subfield code="b">000002482792</subfield></datafield><datafield ind1=" " ind2=" " tag="042"><subfield code="a">pcc</subfield></datafield><datafield ind1=" " ind2=" " tag="043"><subfield code="a">n-us-ct</subfield></datafield><datafield ind1=" " ind2=" " tag="045"><subfield code="a">w0w3</subfield></datafield><datafield ind1="0" ind2="0" tag="050"><subfield code="a">Newspaper</subfield></datafield><datafield ind1=" " ind2=" " tag="052"><subfield code="a">3783</subfield><subfield code="b">H3</subfield></datafield><datafield ind1="0" ind2="0" tag="245"><subfield code="a">Connecticut mirror.</subfield></datafield><datafield ind1="3" ind2="0" tag="246"><subfield code="a">Mirror</subfield></datafield><datafield ind1=" " ind2=" " tag="260"><subfield code="a">Hartford, Conn. :</subfield><subfield code="b">Printed by C. Hosmer,</subfield><subfield code="c">1809-1832.</subfield></datafield><datafield ind1=" " ind2=" " tag="300"><subfield code="a">v.</subfield></datafield><datafield ind1=" " ind2=" " tag="310"><subfield code="a">Weekly</subfield></datafield><datafield ind1="0" ind2=" " tag="362"><subfield code="a">Vol. 1, no. 1 (July 10, 1809)-v. 1, no. 52 (July 2, 1810) ; whole no. 53 (July 9, 1810)-[whole] no. 1224 (Dec. 15, 1832).</subfield></datafield><datafield ind1=" " ind2=" " tag="500"><subfield code="a">Publisher: Hale &amp; Hosmer, &lt;Jan. 27, 1812&gt;-</subfield></datafield><datafield ind1="4" ind2=" " tag="510"><subfield code="a">Brigham, C.S. Amer. newspapers</subfield><subfield code="c">p. 27</subfield></datafield><datafield ind1=" " ind2=" " tag="515"><subfield code="a">Issues for July 9, 1810-Dec. 29, 1828 also called: Vol. 2, no. 1-v. 20, no. 28 ; Jan. 10, 1829-Dec. 3, 1831 also called: Vol. 20-21.</subfield></datafield><datafield ind1=" " ind2=" " tag="530"><subfield code="a">Available on microopaque and microfilm from the Readex Microprint Corp.</subfield></datafield><datafield ind1=" " ind2="0" tag="651"><subfield code="a">Hartford (Conn.)</subfield><subfield code="v">Newspapers.</subfield></datafield><datafield ind1=" " ind2="0" tag="651"><subfield code="a">Hartford County (Conn.)</subfield><subfield code="v">Newspapers.</subfield></datafield><datafield ind1=" " ind2="7" tag="655"><subfield code="a">Newspapers.</subfield><subfield code="2">fast</subfield><subfield code="0">(OCoLC)fst01423814</subfield></datafield><datafield ind1=" " ind2="7" tag="651"><subfield code="a">Connecticut</subfield><subfield code="z">Hartford.</subfield><subfield code="2">fast</subfield><subfield code="0">(OCoLC)fst01207441</subfield></datafield><datafield ind1=" " ind2="7" tag="651"><subfield code="a">Connecticut</subfield><subfield code="z">Hartford County.</subfield><subfield code="2">fast</subfield><subfield code="0">(OCoLC)fst01211874</subfield></datafield><datafield ind1=" " ind2=" " tag="752"><subfield code="a">United States</subfield><subfield code="b">Connecticut</subfield><subfield code="c">Hartford</subfield><subfield code="d">Hartford.</subfield></datafield><datafield ind1="0" ind2="4" tag="785"><subfield code="t">American Mercury (Hartford, Conn. : 1784 : Weekly)</subfield><subfield code="w">(DLC)sn 82014349</subfield><subfield code="w">(OCoLC)2257374</subfield></datafield><datafield ind1=" " ind2=" " tag="938"><subfield code="a">Kirtas Technologies, Inc.</subfield><subfield code="b">KRTS</subfield><subfield code="n">734174</subfield></datafield></record>